@article{polyak1964some,
  title={Some methods of speeding up the convergence of iteration methods},
  author={Polyak, Boris T},
  journal={USSR Computational Mathematics and Mathematical Physics},
  volume={4},
  number={5},
  pages={1--17},
  year={1964},
  publisher={Elsevier}
}

@article{hinton2006training,
	title={Training products of experts by minimizing contrastive divergence},
	author={Hinton, Geoffrey E},
	journal={Training},
	volume={14},
	number={8},
	year={2006},
	publisher={MIT Press}
}

@article{hinton2006reducing,
	title={Reducing the dimensionality of data with neural networks},
	author={Hinton, Geoffrey E and Salakhutdinov, Ruslan R},
	journal={science},
	volume={313},
	number={5786},
	pages={504--507},
	year={2006},
	publisher={American Association for the Advancement of Science}
}

@article{lecun1998gradient,
	title={Gradient-based learning applied to document recognition},
	author={LeCun, Yann and Bottou, L{\'e}on and Bengio, Yoshua and Haffner, Patrick},
	journal={Proceedings of the IEEE},
	volume={86},
	number={11},
	pages={2278--2324},
	year={1998},
	publisher={IEEE}
}

@inproceedings{martens2010deep,
	title={Deep learning via Hessian-free optimization.},
	author={Martens, James},
	booktitle={ICML},
	volume={27},
	pages={735--742},
	year={2010}
}

@article{duchi2011adaptive,
	title={Adaptive subgradient methods for online learning and stochastic optimization},
	author={Duchi, John and Hazan, Elad and Singer, Yoram},
	journal={Journal of Machine Learning Research},
	volume={12},
	number={Jul},
	pages={2121--2159},
	year={2011}
}

@article{zeiler2012adadelta,
	title={ADADELTA: an adaptive learning rate method},
	author={Zeiler, Matthew D},
	journal={arXiv preprint arXiv:1212.5701},
	year={2012}
}

@article{kingma2014adam,
	title={Adam: A method for stochastic optimization},
	author={Kingma, Diederik and Ba, Jimmy},
	journal={arXiv preprint arXiv:1412.6980},
	year={2014}
}

@inproceedings{lecun1993automatic,
	title={Automatic learning rate maximization by on-line estimation of the hessian's eigenvectors},
	author={LeCun, Yann and Simard, Patrice Y and Pearlmutter, Barak},
	booktitle={Advances in neural information processing systems},
	pages={156--163},
	year={1993}
}

@inproceedings{schaul2013no,
	title={No more pesky learning rates},
	author={Schaul, Tom and Zhang, Sixin and LeCun, Yann},
	booktitle={International Conference on Machine Learning},
	pages={343--351},
	year={2013}
}